% !TeX encoding = Windows-1251

@book{docker,
  author    = {J. Frazelle},
  title     = {Docker: Up and Running},
  publisher = {O'Reilly Media},
  year      = {2015}
}

@misc{docker_docs,
  title  = {Docker Documentation},
  author = {{Docker Inc.}},
  year   = {2024},
  url    = {https://docs.docker.com/},
  note   = {(Дата обращения 03.08.2024) Загл. с экр. Яз. англ.}
}

@misc{postgresql,
  author       = {PostgreSQL Global Development Group},
  title        = {PostgreSQL Documentation [Электронный ресурс]},
  howpublished = {\url{https://www.postgresql.org/docs/}},
  note         = {(Дата обращения 05.08.2024) Загл. с экр. Яз. англ.}
}

@misc{baeldung_tokens,
  title={What Are Access and Refresh Tokens?},
  author={Baeldung},
  year={2024},
  url={https://www.baeldung.com/cs/access-refresh-tokens},
  note={(Дата обращения 09.08.2024) Загл. с экр. Яз. англ.}
}

@misc{auth0_refresh_tokens,
  title={What Are Refresh Tokens and How to Use Them Securely},
  author={Auth0},
  year={2024},
  url={https://auth0.com/docs/secure/tokens/refresh-tokens},
  note={(Дата обращения 09.08.2024) Загл. с экр. Яз. англ.}
}

@misc{aws_rest_api,
  title        = {What is RESTful API?},
  author       = {{Amazon Web Services}},
  year         = {2024},
  url          = {https://aws.amazon.com/what-is/restful-api/},
  note         = {(Дата обращения 11.08.2024) Загл. с экр. Яз. англ.}
}

@misc{rest_api_tutorial,
  title        = {REST API Tutorial},
  author       = {RESTfulAPI.net},
  year         = {2024},
  url          = {https://restfulapi.net/},
  note         = {(Дата обращения 11.08.2024) Загл. с экр. Яз. англ.}
}

@misc{microsoft_rest_api,
  title        = {Learn REST API on Microsoft Docs},
  author       = {Microsoft},
  year         = {2024},
  url          = {https://learn.microsoft.com/en-us/azure/architecture/best-practices/api-design},
  note         = {(Дата обращения 11.08.2024) Загл. с экр. Яз. англ.}
}

@misc{symfony_docs,
  author = {Symfony},
  title = {Symfony Framework - Официальная документация},
  howpublished = {\url{https://symfony.com/doc/current/index.html}},
  year = {2024},
  note         = {(Дата обращения 14.08.2024) Загл. с экр. Яз. англ.}
}

@misc{robots_net_symfony,
  author = {Robots.net},
  title = {What Is PHP Symfony?},
  howpublished = {\url{https://robots.net/programming/symfony-php-framework/}},
  year = {2024},
  note         = {(Дата обращения 14.08.2024) Загл. с экр. Яз. англ.}
}

@misc{nginx_docs,
  author = {Nginx},
  title = {Nginx - Официальная документация},
  howpublished = {\url{https://nginx.org/en/docs/}},
  year = {2024},
  note         = {(Дата обращения 16.08.2024) Загл. с экр. Яз. англ.}
}

@misc{postman_docs,
  author = {Postman},
  title = {Postman - Официальная документация},
  howpublished = {\url{https://learning.postman.com/docs/}},
  year = {2024},
  note         = {(Дата обращения 16.08.2024) Загл. с экр. Яз. англ.}
}

@misc{postman_api_testing,
  author = {Postman},
  title = {Postman - Описание концепции API тестирования},
  howpublished = {\url{https://www.postman.com/}},
  year = {2024},
  note         = {(Дата обращения 16.08.2024) Загл. с экр. Яз. англ.}
}
