% !TeX encoding = Windows-1251

@BOOK{JohnLevine,
  author    = {John Levine},
  title     = {flex \& bison},
  subtitle  = {Unix Text Processing Tools},
  publisher = {O’Reilly Media},
  year      = {2009},
  language  = {english},
  pages     = {294},
}

@BOOK{MSDN,
  title = {Ñîçäàíèå ïðèëîæåíèÿ Windows Forms ñ ïîìîùüþ .NET Framework (C++) [{Ý}ëåêòðîííûé ðåñóðñ]},
  note  = {URL:~\url{http://msdn.microsoft.com/ru-ru/library/vstudio/ms235634(v=vs.100).aspx} (Äàòà îáðàùåíèÿ 12.07.2013). Çàãë. ñ ýêð. ßç. ðóñ.},
}

@CONFERENCE{lienhart_maydt_2002,
  address   = {Rochester, USA},
  author    = {Lienhart, R. and Maydt, J.},
  booktitle = {Proceedings of the International Conference on Image Processing},
  title     = {An Extended Set of Haar-like Features for Rapid Object Detection},
  year      = {2002},
  volume    = {1},
  pages     = {900-903}
}

@ARTICLE{Yoffe_1993_AP_42_173,
  author  = {A. D. Yoffe},
  title   = {Low-dimensional systems: quantum size effects and electronic
             properties of semiconductor microcrystallites (zero-dimensional
             systems) and some quasi-two-dimensional systems},
  journal = {Adv. Phys.},
  pages   = {173--266},
  volume  = {42},
  year    = {1993},
  doi     = {10.1080/00018739300101484},
}

@ARTICLE{Efros_1982_FTP_16_7_1209,
  author   = {{\relax Àë}. Ë. Ýôðîñ and À. Ë. Ýôðîñ and À. È. Àíñåëüì and  Segall, B.},
  title    = {Ìåæçîííîå ïîãëîùåíèå ñâåòà â ïîëóïðîâîäíèêîâîì øàðå},
  journal  = {Ôèçèêà è òåõíèêà ïîëóïðîâîäíèêîâ},
  year     = {1982},
  volume   = {16},
  number   = {7},
  pages    = {1209--1214},
  language = {russian},
}

@BOOK{Anselm_1978,
  author    = {À. È. Àíñåëüì},
  title     = {Ââåäåíèå â òåîðèþ ïîëóïðîâîäíèêîâ},
  publisher = {Íàóêà},
  address   = {Ìîñêâà},
  year      = {1978},
  language  = {russian},
}

@INPROCEEDINGS{Segall_1968,
  author    = {B. Segall},
  year      = {1968},
  editor    = {S. M. Ryvkin},
  booktitle = {Proceedings of IXth Conference on the Physics of Semiconductors, Moscow, 1968},
  pages     = {425},
  address   = {Leningrad},
  publisher = {Nauka},
}

@INBOOK{Agranovich_1983,
  editor    = {V. M. Agranovich and R. M. Hochstrasser},
  title     = {Spectroscopy and Excitation Dynamics of Condensed Molecular Systems},
  chapter   = {6},
  publisher = {North-Holland},
  year      = {1983},
  series    = {Modern Problems in Condensed Matter Sciences},
  address   = {Amsterdam},
  isbn      = {0444863133},
}

@INCOLLECTION{InP,
  title        = {{InP Basic Parameters at 300 K} [{Ý}ëåêòðîííûé ðåñóðñ]},
  booktitle    = {Electronic archive New Semiconductor Materials. Characteristics and Properties},
  organization = {Ioffe Physico-Technical Institute},
  address      = {St. Petersburg},
  year         = {2001},
  note         = {URL:~{http://www.ioffe.rssi.ru/SVA/NSM/Semicond/InP/basic.html}\ (Äàòà îáðàùåíèÿ 01.11.2009). Çàãë. ñ ýêð. ßç. àíãë.}
}

@PHDTHESIS{Mishchenko_1996,
  author   = {Å. Æ. Ìèùåíêî},
  title    = {Íåóïðóãîå ðàññåÿíèå ñâåòà â ñèñòåìå âçàèìîäåéñòâóþùèõ ýëåêòðîíîâ è ôîíîíîâ},
  school   = {ÈÒÔ èì. Ë.~Ä.~Ëàíäàó},
  year     = {1996},
  language = {russian},
}

@DOCDISSER{Skvortsov_2008,
  author   = {Ì. À. Ñêâîðöîâ},
  title    = {Ôëóêòóàöèîííûå è èíòåðôåðåíöèîííûå ýôôåêòû â ìåçîñêîïè÷åñêèõ ñèñòåìàõ},
  school   = {ÈÒÔ èì. Ë.~Ä.~Ëàíäàó},
  year     = {2008},
  language = {russian},
}

% old-style arXiv reference
@ARTICLE{Perelman_2003_math:0307245,
  author = {Grisha Perelman},
  title  = {Finite extinction time for the solutions to the Ricci flow on certain three-manifolds},
  eprint = {math/0307245},
}

% new-style arXiv reference
@ARTICLE{Nielsen_2010_1006.2735,
  title         = {A configuration interaction analysis of exchange in double quantum dots},
  author        = {Erik Nielsen and Richard P. Muller},
  archivePrefix = {arXiv},
  eprint        = {1006.2735},
  primaryClass  = {cond-mat},
}

@BOOK{matrix_87,
  author    = {Ýñòåðáþ, Î. and Çëàòåâ, Ç.},
  title     = {Ïðÿìûå ìåòîäû äëÿ ðàçðåæåííûõ ìàòèö},
  publisher = {Ìèð},
  address   = {Ì.},
  year      = {1987},
  language  = {russian},
}
