% !TeX encoding = Windows-1251

@misc{dbeaver,
  author = {DBeaver Community},
  title = {DBeaver: Universal Database Tool [Электронный ресурс]},
  howpublished = {URL: \url{https://dbeaver.io/}},
  note = {(Дата обращения 25.09.2024) Загл. с экр. Яз. англ.}
}

@book{docker,
  author    = {J. Frazelle},
  title     = {Docker: Up and Running},
  publisher = {O'Reilly Media},
  year      = {2015}
}

@misc{jwt,
  author       = {Auth0},
  title        = {JSON Web Tokens (JWT): Introduction [Электронный ресурс]},
  howpublished = {\url{https://jwt.io/introduction/}},
  note         = {(Дата обращения 29.09.2024) Загл. с экр. Яз. англ.}
}

@book{oauth2,
  author    = {Aaron Parecki},
  title     = {OAuth 2.0 Simplified},
  publisher = {O'Reilly Media},
  year      = {2017}
}

@misc{postgresql,
  author       = {PostgreSQL Global Development Group},
  title        = {PostgreSQL Documentation [Электронный ресурс]},
  howpublished = {\url{https://www.postgresql.org/docs/}},
  note         = {(Дата обращения 18.09.2024) Загл. с экр. Яз. англ.}
}

@misc{postman,
  author = {Postman Labs},
  title = {Postman API Platform [Электронный ресурс]},
  howpublished = {URL: \url{https://www.postman.com/}},
  note = {(Дата обращения 17.10.2024) Загл. с экр. Яз. англ.}
}

@book{restapi,
  author    = {L. Richardson and M. Amundsen and S. Ruby},
  title     = {RESTful Web APIs},
  publisher = {O'Reilly Media},
  year      = {2013}
}

@misc{txmanager,
  author = {Avito.tech},
  title = {Создаём репозиторий в Go через менеджер транзакций 
  [Электронный ресурс]},
  howpublished = {\url{https://habr.com/ru/companies/avito/articles/727168/}},
  note = {(Дата обращения 15.02.2025)}
}
@misc{go-docs,
  author = {{The Go Authors}},
  title = {The Go Programming Language Documentation [Электронный ресурс]},
  howpublished = {\url{https://go.dev/doc/}},
  note = {(Дата обращения: 05.02.2025) Загл. с экр. Яз. англ.}
}
@misc{go-by-example,
  author = {{Go by Example}},
  title = {Go by Example [Электронный ресурс]},
  howpublished = {\url{https://gobyexample.com/}},
  note = {(Дата обращения: 05.02.2025) Загл. с экр. Яз. англ.}
}
@misc{react-docs,
  author = {{Meta Platforms, Inc.}},
  title = {React Documentation [Электронный ресурс]},
  howpublished = {\url{https://react.dev/}},
  note = {(Дата обращения: 24.02.2025) Загл. с экр. Яз. англ.}
}
@misc{react-mdn,
  author = {{Mozilla Developer Network}},
  title = {Getting Started with React [Электронный ресурс]},
  howpublished = {\url{https://developer.mozilla.org/en-US/docs/Learn_web_development/Core/Frameworks_libraries/React_getting_started}},
  note = {(Дата обращения: 24.02.2025) Загл. с экр. Яз. англ.}
}

@misc{go-project-layout,
  author = {{Golang-standards}},
  title = {Standard Go Project Layout [Электронный ресурс]},
  howpublished = {\url{https://github.com/golang-standards/project-layout}},
  note = {(Дата обращения: 27.02.2025) Загл. с экр. Яз. англ.}
}
@misc{golang-layer-arch1,
  author = {{Evrone Development}},
  title = {Go Clean Template | Чистая Архитектура и как её готовить [Электронный ресурс]},
  howpublished = {\url{https://www.youtube.com/watch?v=V6lQG6d5LgU}},
  note = {(Дата обращения: 03.03.2025)}
}
@misc{golang-layer-arch2,
  author = {{inDrive.Tech}},
  title = {Как структурировать проект на Golang: гайд от backend-разработчика [Электронный ресурс]},
  howpublished = {\url{https://habr.com/ru/companies/inDrive/articles/690088/}},
  note = {(Дата обращения: 09.03.2025)}
}
@misc{goose,
  author       = {{Участники open-source разработки Goose}},
  title        = {Goose: A database migration tool [Электронный ресурс]},
  year         = {2024},
  howpublished = {\url{https://github.com/pressly/goose}},
  note = {(Дата обращения: 15.02.2025)}
}
@misc{swag,
  author       = {{Участники open-source разработки Swag}},
  title        = {Swag: Automatically generate RESTful API documentation with Swagger 2.0 for Go [Электронный ресурс]},
  year         = {2024},
  howpublished = {\url{https://github.com/swaggo/swag}},
  note = {(Дата обращения: 17.02.2025)}
}
@misc{vite,
  author       = {{Эван Ю и участники open-source разработки Vite}},
  title        = {Vite: Next Generation Frontend Tooling [Электронный ресурс]},
  howpublished = {\url{https://vite.dev/}},
  note = {(Дата обращения: 13.03.2025)}
}
@misc{yarn,
  author       = {{Участники open-source разработки Yarn}},
  title        = {Yarn: Fast, reliable, and secure dependency management [Электронный ресурс]},
  howpublished = {\url{https://yarnpkg.com/}},
  note = {(Дата обращения: 14.03.2025)}
}
@misc{air,
  author       = {{Участники open-source разработки Air}},
  title        = {Live reload for Go apps [Электронный ресурс]},
  howpublished = {\url{https://github.com/air-verse/air}},
  note = {(Дата обращения: 19.02.2025)}
}

