% !TeX encoding = Windows-1251

@BOOK{refer1,
  author    = {Wang, D. C.-A.},
  title     = {Managing memory with types},
  subtitle  = {D. C.-A. Wang.},
  publisher = {Princeton University},
  year      = {2002},
  language  = {english},
  pages     = {29Ц55}
}

@misc{refer2,
  title = {Facebook open-source library documentation [Ёлектронный ресурс].},
  howpublished = {URL: \url{https://github.com/facebook/folly/blob/master/folly/docs/FBVector.md}},
  note = {(ƒата обращени€ 25.05.2021). «агл. с экр. яз. англ.}
}

