% !TeX encoding = Windows-1251

@misc{VCS_Wiki,
  title = {Distributed Version Control Systems: A Not-So-Quick Guide Through},
  note = {URL:~\url{https://www.infoq.com/articles/dvcs-guide/}},
}

@misc{HabrCICD,
  title = {Что такое CI/CD? Разбираемся с непрерывной интеграцией и непрерывной поставкой},
  note = {URL:~\url{https://habr.com/ru/companies/otus/articles/515078/}}
}

@misc{SelectelDocker,
  title = {Что такое Docker: для чего он нужен и где используется},
  note  = {URL:~\url{https://selectel.ru/blog/what-is-docker} (Дата обращения 12.07.2013).},
}

@misc{HabrDocker,
  title = {Понимая Docker},
  note = {URL:~\url{https://habr.com/ru/articles/253877/}},
}

@misc{GitStat,
  title = {Статистика популярности систем контроля версий},
  note = {URL:~\url{https://strawpoll.com/most-popular-version-control-system}},
}

@misc{Kubernetes,
  title = {Что такое Kubernetes?},
  note = {URL:~\url{https://kubernetes.io/ru/docs/concepts/overview/what-is-kubernetes/}},
}

@misc{PromptEngineer,
  title = {Вакансия Prompt-инженера},
  note = {URL:~\url{https://uk.indeed.com/viewjob?jk=7bd6b6bd58342cad&from=serp&vjs=3}},
}

@misc{DevSecOps,
  title = {Что такое безопасность DevOps?},
  note = {URL:~\url{https://www.keepersecurity.com/ru_RU/resources/glossary/what-is-devops-security/}},
}
@misc{Monitoring,
  title = {Инструменты для мониторинга архитектуры},
  note = {URL:~\url{https://proglib.io/p/12-instrumentov-devops-inzhenera-dlya-monitoringa\\ -arhitektury-2020-02-13}},
}
