% !TeX encoding = Windows-1251

@misc{alembic,
  author       = {Michael Bayer},
  title        = {Alembic: A database migrations tool for SQLAlchemy 
                  [Электронный ресурс]},
  howpublished = {\url{https://alembic.sqlalchemy.org/}},
  note         = {(Дата обращения 26.09.2024) Загл. с экр. Яз. англ.}
}

@misc{dbeaver,
  author = {DBeaver Community [Электронный ресурс]},
  title = {DBeaver: Universal Database Tool},
  howpublished = {URL: \url{https://dbeaver.io/}},
  note = {(Дата обращения 25.09.2024) Загл. с экр. Яз. англ.}
}

@book{docker,
  author    = {J. Frazelle},
  title     = {Docker: Up and Running},
  publisher = {O'Reilly Media},
  year      = {2015}
}

@misc{fastapi,
  author       = {Sebastian Ramirez},
  title        = {FastAPI: Modern, Fast (high-performance), web framework 
                  for building APIs with Python 3.7+ based on standard Python type 
                  hints [Электронный ресурс].},
  howpublished = {URL: \url{https://fastapi.tiangolo.com/}},
  note         = {(Дата обращения 15.09.2024) Загл. с экр. Яз. англ.}
}

@misc{jwt,
  author       = {Auth0},
  title        = {JSON Web Tokens (JWT): Introduction [Электронный ресурс]},
  howpublished = {\url{https://jwt.io/introduction/}},
  note         = {(Дата обращения 29.09.2024) Загл. с экр. Яз. англ.}
}

@book{oauth2,
  author    = {Aaron Parecki},
  title     = {OAuth 2.0 Simplified},
  publisher = {O'Reilly Media},
  year      = {2017}
}

@misc{postgresql,
  author       = {PostgreSQL Global Development Group},
  title        = {PostgreSQL Documentation [Электронный ресурс]},
  howpublished = {\url{https://www.postgresql.org/docs/}},
  note         = {(Дата обращения 18.09.2024) Загл. с экр. Яз. англ.}
}

@misc{postman,
  author = {Postman Labs [Электронный ресурс]},
  title = {Postman API Platform},
  howpublished = {URL: \url{https://www.postman.com/}},
  note = {(Дата обращения 17.10.2024) Загл. с экр. Яз. англ.}
}

@book{restapi,
  author    = {L. Richardson and M. Amundsen and S. Ruby},
  title     = {RESTful Web APIs},
  publisher = {O'Reilly Media},
  year      = {2013}
}

@misc{sqlalchemy,
  author       = {Michael Bayer},
  title        = {SQLAlchemy Documentation [Электронный ресурс]},
  howpublished = {URL: \url{https://docs.sqlalchemy.org/}},
  note         = {(Дата обращения 17.09.2024) Загл. с экр. Яз. англ.}
}

@misc{uvicorn,
  author       = {Tom Christie},
  title        = {Uvicorn: The lightning-fast ASGI server implementation, 
                  using `uvloop` and `httptools` [Электронный ресурс]},
  howpublished = {\url{https://www.uvicorn.org/}},
  note         = {(Дата обращения 15.09.2024) Загл. с экр. Яз. англ.}
}



